@unpublished{MaryamPLACEHOLDER,
    title = {{!!!PLACEHOLDER!!! Synchronization of Input-dependent Cortical Gamma Oscillations: A Criterion to Predict Figure-ground Segregation in Texture Stimuli}},
    author = {Karimian, Maryam}
}

@article{Wagemans2012,
    title = {{A century of Gestalt psychology in visual perception: I. Perceptual grouping and figure-ground organization}},
    year = {2012},
    journal = {Psychological bulletin},
    author = {Wagemans, Johan and Elder, James H. and Kubovy, Michael and Palmer, Stephen E. and Peterson, Mary A. and Singh, Manish and von der Heydt, Rüdiger},
    number = {6},
    month = {11},
    pages = {1172--1217},
    volume = {138},
    publisher = {Psychol Bull},
    url = {https://pubmed.ncbi.nlm.nih.gov/22845751/},
    doi = {10.1037/A0029333},
    issn = {1939-1455},
    pmid = {22845751},
    keywords = {Concept Formation / physiology*, Extramural, Gestalt Theory*, Humans, James H Elder, Johan Wagemans, MEDLINE, N.I.H., NCBI, NIH, NLM, National Center for Biotechnology Information, National Institutes of Health, National Library of Medicine, Non-P.H.S., Non-U.S. Gov't, PMC3482144, PubMed Abstract, Research Support, Review, R{\"{u}}diger von der Heydt, U.S. Gov't, Visual Perception / physiology*, doi:10.1037/a0029333, pmid:22845751}
}

@article{Treisman1980,
    title = {{A feature-integration theory of attention}},
    year = {1980},
    journal = {Cognitive Psychology},
    author = {Treisman, Anne M. and Gelade, Garry},
    number = {1},
    pages = {97--136},
    volume = {12},
    doi = {10.1016/0010-0285(80)90005-5},
    issn = {00100285},
    pmid = {7351125}
}

@article{Lowet2017,
    title = {{A quantitative theory of gamma synchronization in macaque V1}},
    year = {2017},
    journal = {eLife},
    author = {Lowet, Eric and Roberts, Mark J. and Peter, Alina and Gips, Bart and De Weerd, Peter},
    month = {8},
    volume = {6},
    publisher = {Elife},
    url = {https://pubmed.ncbi.nlm.nih.gov/28857743/},
    doi = {10.7554/ELIFE.26642},
    issn = {2050-084X},
    pmid = {28857743},
    keywords = {Animals, Cortical Synchronization*, Electroencephalography Phase Synchronization*, Eric Lowet, Gamma Rhythm*, MEDLINE, Macaca, Mark J Roberts, Models, NCBI, NIH, NLM, National Center for Biotechnology Information, National Institutes of Health, National Library of Medicine, Neurological, Non-U.S. Gov't, PMC5779232, Peter De Weerd, PubMed Abstract, Research Support, Theoretical, Visual Cortex / physiology*, doi:10.7554/eLife.26642, pmid:28857743}
}

@incollection{BuzsakiBook2006:5,
    title = {{A System of Rhythms: From Simple to Complex Dynamics}},
    year = {2006},
    booktitle = {Rhythms of the Brain},
    author = {Buzsáki, György},
    editor = {Buzsáki, György},
    chapter = {5},
    pages = {111--135},
    publisher = {Oxford University Press},
    address = {New York},
    isbn = {13 978-0-19-530106-9}
}

@article{Platkiewicz2010,
    title = {{A Threshold Equation for Action Potential Initiation}},
    year = {2010},
    journal = {PLoS Computational Biology},
    author = {Platkiewicz, Jonathan and Brette, Romain},
    number = {7},
    month = {7},
    pages = {25},
    volume = {6},
    publisher = {Public Library of Science},
    url = {https://journals.plos.org/ploscompbiol/article?id=10.1371/journal.pcbi.1000850},
    doi = {10.1371/JOURNAL.PCBI.1000850},
    issn = {1553734X},
    pmid = {20628619}
}

@article{Destexhe1994,
    title = {{An Efficient Method for Computing Synaptic Conductances Based on a Kinetic Model of Receptor Binding}},
    year = {1994},
    journal = {Neural Computation},
    author = {Destexhe, A. and Mainen, Z. F. and Sejnowski, T. J.},
    number = {1},
    month = {1},
    pages = {14--18},
    volume = {6},
    publisher = {MIT Press - Journals},
    doi = {10.1162/NECO.1994.6.1.14},
    issn = {0899-7667}
}

@article{Hansel2003,
    title = {{Asynchronous states and the emergence of synchrony in large networks of interacting excitatory and inhibitory neurons}},
    year = {2003},
    journal = {Neural computation},
    author = {Hansel, D. and Mato, G.},
    number = {1},
    month = {1},
    pages = {1--56},
    volume = {15},
    publisher = {Neural Comput},
    url = {https://pubmed.ncbi.nlm.nih.gov/12590818/},
    doi = {10.1162/089976603321043685},
    issn = {0899-7667},
    pmid = {12590818},
    keywords = {Computer*, D Hansel, Excitatory Postsynaptic Potentials / physiology, G Mato, MEDLINE, NCBI, NIH, NLM, National Center for Biotechnology Information, National Institutes of Health, National Library of Medicine, Neural Inhibition / physiology*, Neural Networks, Neurons / physiology*, Non-U.S. Gov't, PubMed Abstract, Research Support, doi:10.1162/089976603321043685, pmid:12590818}
}

@incollection{IzhikevichBook2004:6,
    title = {{Bifurcations}},
    year = {2004},
    booktitle = {Dynamical Systems in Neuroscience: The Geometry of Excitability and Bursting},
    author = {Izhikevich, E M},
    chapter = {6},
    pages = {141--190},
    publisher = {MIT Press},
    url = {https://direct.mit.edu/books/book/2589/Dynamical-Systems-in-NeuroscienceThe-Geometry-of},
    isbn = {9780262276078},
    doi = {https://doi.org/10.7551/mitpress/2526.001.0001}
}

@article{Malsburg1995,
    title = {{Binding in models of perception and brain function}},
    year = {1995},
    journal = {Current opinion in neurobiology},
    author = {Malsburg, Christoph von der},
    number = {4},
    pages = {520--526},
    volume = {5},
    publisher = {Curr Opin Neurobiol},
    url = {https://pubmed.ncbi.nlm.nih.gov/7488855/},
    doi = {10.1016/0959-4388(95)80014-X},
    issn = {0959-4388},
    pmid = {7488855},
    keywords = {Animals, Brain / physiology*, C von der Malsburg, Humans, MEDLINE, Models, NCBI, NIH, NLM, National Center for Biotechnology Information, National Institutes of Health, National Library of Medicine, Neurological*, Neurons / physiology*, Perception / physiology*, PubMed Abstract, Review, doi:10.1016/0959-4388(95)80014-x, pmid:7488855}
}

@article{Gilbert1983,
    title = {{Clustered intrinsic connections in cat visual cortex}},
    year = {1983},
    journal = {Journal of Neuroscience},
    author = {Gilbert, C. D. and Wiesel, T. N.},
    number = {5},
    month = {5},
    pages = {1116--1133},
    volume = {3},
    publisher = {Society for Neuroscience},
    url = {https://www.jneurosci.org/content/3/5/1116 https://www.jneurosci.org/content/3/5/1116.abstract},
    doi = {10.1523/JNEUROSCI.03-05-01116.1983},
    issn = {0270-6474},
    pmid = {6188819}
}

@article{Eckhorn1988,
    title = {{Coherent oscillations: a mechanism of feature linking in the visual cortex? Multiple electrode and correlation analyses in the cat}},
    year = {1988},
    journal = {Biological cybernetics},
    author = {Eckhorn, R. and Bauer, R. and Jordan, W. and Brosch, M. and Kruse, W. and Munk, M. and Reitboeck, H. J.},
    number = {2},
    month = {12},
    pages = {121--130},
    volume = {60},
    publisher = {Biol Cybern},
    url = {https://pubmed.ncbi.nlm.nih.gov/3228555/},
    doi = {10.1007/BF00202899},
    issn = {0340-1200},
    pmid = {3228555},
    keywords = {Action Potentials, Animals, Biomechanical Phenomena, Cats, Electrodes, Form Perception / physiology*, H J Reitboeck, MEDLINE, Monocular, NCBI, NIH, NLM, National Center for Biotechnology Information, National Institutes of Health, National Library of Medicine, Non-U.S. Gov't, Pattern Recognition, Photic Stimulation, PubMed Abstract, R Bauer, R Eckhorn, Research Support, Time Factors, Vision, Visual / physiology*, Visual Cortex / physiology*, doi:10.1007/BF00202899, pmid:3228555}
}

@article{Shapley2011,
    title = {{Color in the cortex: single- and double-opponent cells}},
    year = {2011},
    journal = {Vision research},
    author = {Shapley, Robert and Hawken, Michael J.},
    number = {7},
    month = {4},
    pages = {701--717},
    volume = {51},
    publisher = {Vision Res},
    url = {https://pubmed.ncbi.nlm.nih.gov/21333672/},
    doi = {10.1016/J.VISRES.2011.02.012},
    issn = {1878-5646},
    pmid = {21333672},
    keywords = {Animals, Color Perception / physiology*, Extramural, Humans, MEDLINE, Magnetic Resonance Imaging / methods, Michael J Hawken, N.I.H., NCBI, NIH, NLM, National Center for Biotechnology Information, National Institutes of Health, National Library of Medicine, Neurons / physiology, Non-U.S. Gov't, PMC3121536, Photic Stimulation / methods, Primates, PubMed Abstract, Research Support, Review, Robert Shapley, Visual Cortex / physiology*, doi:10.1016/j.visres.2011.02.012, pmid:21333672}
}

@article{Gilbert1989,
    title = {{Columnar specificity of intrinsic horizontal and corticocortical connections in cat visual cortex}},
    year = {1989},
    journal = {The Journal of neuroscience : the official journal of the Society for Neuroscience},
    author = {Gilbert, C. D. and Wiesel, T. N.},
    number = {7},
    pages = {2432--2422},
    volume = {9},
    publisher = {J Neurosci},
    url = {https://pubmed.ncbi.nlm.nih.gov/2746337/},
    doi = {10.1523/JNEUROSCI.09-07-02432.1989},
    issn = {0270-6474},
    pmid = {2746337},
    keywords = {Animals, C D Gilbert, Cats, Cerebral Cortex / physiology*, Deoxyglucose, Injections, MEDLINE, Microspheres, NCBI, NIH, NLM, National Center for Biotechnology Information, National Institutes of Health, National Library of Medicine, Neural Pathways / physiology, Non-P.H.S., Non-U.S. Gov't, P.H.S., PMC6569760, PubMed Abstract, Research Support, Rhodamines, T N Wiesel, U.S. Gov't, Visual Cortex / physiology*, doi:10.1523/JNEUROSCI.09-07-02432.1989, pmid:2746337}
}

@article{Schwartz1980,
    title = {{Computational anatomy and functional architecture of striate cortex: A spatial mapping approach to perceptual coding}},
    year = {1980},
    journal = {Vision Research},
    author = {Schwartz, Eric L.},
    number = {8},
    month = {1},
    pages = {645--669},
    volume = {20},
    publisher = {Pergamon},
    doi = {10.1016/0042-6989(80)90090-5},
    issn = {0042-6989},
    pmid = {7445436}
}

@article{Gail2000,
    title = {{Contour decouples gamma activity across texture representation in monkey striate cortex}},
    year = {2000},
    journal = {Cerebral cortex (New York, N.Y. : 1991)},
    author = {Gail, A. and Brinksmeyer, H. J. and Eckhorn, R.},
    number = {9},
    pages = {840--850},
    volume = {10},
    publisher = {Cereb Cortex},
    url = {https://pubmed.ncbi.nlm.nih.gov/10982745/},
    doi = {10.1093/CERCOR/10.9.840},
    issn = {1047-3211},
    pmid = {10982745},
    keywords = {A Gail, Animals, Contrast Sensitivity / physiology*, Cortical Synchronization*, Evoked Potentials, H J Brinksmeyer, MEDLINE, Macaca mulatta, Male, NCBI, NIH, NLM, National Center for Biotechnology Information, National Institutes of Health, National Library of Medicine, Non-U.S. Gov't, Pattern Recognition, Periodicity, Photic Stimulation, PubMed Abstract, R Eckhorn, Research Support, Visual / physiology, Visual / physiology*, Visual Cortex / physiology*, doi:10.1093/cercor/10.9.840, pmid:10982745}
}

@article{Tiesinga2009,
    title = {{Cortical enlightenment: are attentional gamma oscillations driven by ING or PING?}},
    year = {2009},
    journal = {Neuron},
    author = {Tiesinga, Paul and Sejnowski, Terrence J.},
    number = {6},
    month = {9},
    pages = {727--732},
    volume = {63},
    publisher = {Neuron},
    url = {https://pubmed.ncbi.nlm.nih.gov/19778503/},
    doi = {10.1016/J.NEURON.2009.09.009},
    issn = {1097-4199},
    pmid = {19778503},
    keywords = {Animals, Attention / physiology*, Biological Clocks / physiology*, Cerebral Cortex / cytology*, Humans, Interneurons / physiology*, MEDLINE, Models, NCBI, NIH, NLM, National Center for Biotechnology Information, National Institutes of Health, National Library of Medicine, Nerve Net / physiology, Neural Inhibition / physiology, Neural Pathways / physiology, Neurological, Non-P.H.S., Non-U.S. Gov't, PMC2778762, Paul Tiesinga, PubMed Abstract, Research Support, Review, Space Perception / physiology*, Terrence J Sejnowski, U.S. Gov't, doi:10.1016/j.neuron.2009.09.009, pmid:19778503}
}

@article{Sagi1984,
    title = {{Detection versus discrimination of visual orientation}},
    year = {1984},
    journal = {Perception},
    author = {Sagi, D. and Julesz, B.},
    number = {5},
    pages = {619--628},
    volume = {13},
    publisher = {Perception},
    url = {https://pubmed.ncbi.nlm.nih.gov/6535985/},
    doi = {10.1068/P130619},
    issn = {0301-0066},
    pmid = {6535985},
    keywords = {Attention*, B Julesz, D Sagi, Humans, MEDLINE, Models, NCBI, NIH, NLM, National Center for Biotechnology Information, National Institutes of Health, National Library of Medicine, Perceptual Masking, Psychological, PubMed Abstract, Space Perception, Time Factors, Visual Perception*, doi:10.1068/p130619, pmid:6535985}
}

@article{Ray2010,
    title = {{Differences in gamma frequencies across visual cortex restrict their possible use in computation}},
    year = {2010},
    journal = {Neuron},
    author = {Ray, Supratim and Maunsell, John H.R.},
    number = {5},
    month = {9},
    pages = {885--896},
    volume = {67},
    publisher = {Neuron},
    url = {https://pubmed.ncbi.nlm.nih.gov/20826318/},
    doi = {10.1016/J.NEURON.2010.08.004},
    issn = {1097-4199},
    pmid = {20826318},
    keywords = {Action Potentials / physiology, Animals, Brain Mapping*, Computer-Assisted*, Contrast Sensitivity / physiology, Electroencephalography*, Entropy, Evoked Potentials, Extramural, Eye Movements / physiology, John H R Maunsell, MEDLINE, Macaca mulatta, Male, N.I.H., NCBI, NIH, NLM, National Center for Biotechnology Information, National Institutes of Health, National Library of Medicine, Neurons / physiology*, Non-U.S. Gov't, Numerical Analysis, PMC3001273, Pattern Recognition, Photic Stimulation / methods, PubMed Abstract, Research Support, Supratim Ray, Time Factors, Visual / physiology, Visual / physiology*, Visual Cortex / cytology, Visual Cortex / physiology*, Visual Pathways / physiology, Wakefulness, doi:10.1016/j.neuron.2010.08.004, pmid:20826318}
}

@article{Nothdurft1991a,
    title = {{Different effects from spatial frequency masking in texture segregation and texton detection tasks}},
    year = {1991},
    journal = {Vision research},
    author = {Nothdurft, H. C.},
    number = {2},
    pages = {299--320},
    volume = {31},
    publisher = {Vision Res},
    url = {https://pubmed.ncbi.nlm.nih.gov/2017890/},
    doi = {10.1016/0042-6989(91)90120-T},
    issn = {0042-6989},
    pmid = {2017890},
    keywords = {Adult, Contrast Sensitivity / physiology, Discrimination, Female, H C Nothdurft, Humans, MEDLINE, Male, NCBI, NIH, NLM, National Center for Biotechnology Information, National Institutes of Health, National Library of Medicine, Non-U.S. Gov't, Pattern Recognition, Perceptual Masking / physiology, Psychological / physiology, Psychophysics, PubMed Abstract, Research Support, Rotation, Sensory Thresholds / physiology, Visual / physiology*, doi:10.1016/0042-6989(91)90120-t, pmid:2017890}
}

@article{Bredfeldt2002,
    title = {{Dynamics of Spatial Frequency Tuning in Macaque V1}},
    year = {2002},
    journal = {Journal of Neuroscience},
    author = {Bredfeldt, C. E. and Ringach, D. L.},
    number = {5},
    month = {3},
    pages = {1976--1984},
    volume = {22},
    publisher = {Society for Neuroscience},
    url = {https://www.jneurosci.org/content/22/5/1976 https://www.jneurosci.org/content/22/5/1976.abstract},
    doi = {10.1523/JNEUROSCI.22-05-01976.2002},
    issn = {0270-6474},
    pmid = {11880528},
    keywords = {Dynamic tuning, Primate vision, Quality factor, Response suppression, Spatial frequency tuning, Striate cortex}
}

@incollection{JohnsBook2014:6,
    title = {{Electrical signalling in neurons}},
    year = {2014},
    booktitle = {Clinical Neuroscience},
    author = {Johns, Paul},
    editor = {Johns, Paul},
    chapter = {6},
    pages = {71--80},
    publisher = {Churchill Livingstone},
    url = {https://www.sciencedirect.com/science/article/pii/B9780443103216000060},
    isbn = {978-0-443-10321-6},
    doi = {10.1016/B978-0-443-10321-6.00006-0}
}

@incollection{IzhikevichBook2004:2,
    title = {{Electrophysiology of Neurons}},
    year = {2004},
    booktitle = {Dynamical Systems in Neuroscience: The Geometry of Excitability and Bursting},
    author = {Izhikevich, E M},
    chapter = {2},
    pages = {5--24},
    publisher = {MIT Press},
    url = {https://direct.mit.edu/books/book/2589/Dynamical-Systems-in-NeuroscienceThe-Geometry-of},
    isbn = {9780262276078},
    doi = {https://doi.org/10.7551/mitpress/2526.001.0001}
}

@article{Alteriis2021,
    title = {{Euler method can outperform more complex ODE solvers in the numerical implementation of the Izhikevich artificial Spiking Neuron Model given the allocated FLOPS}},
    year = {2021},
    journal = {bioRxiv},
    author = {Alteriis, Giuseppe de and Cataldo, Enrico and Mazzoni, Alberto and Oddo, Calogero Maria},
    month = {12},
    pages = {2021.11.30.470474},
    publisher = {Cold Spring Harbor Laboratory},
    url = {https://www.biorxiv.org/content/10.1101/2021.11.30.470474v1 https://www.biorxiv.org/content/10.1101/2021.11.30.470474v1.abstract},
    doi = {10.1101/2021.11.30.470474},
    keywords = {Computing {\textperiodcentered} ODE, Models, Neuromorphic, Neuron, Solvers {\textperiodcentered}, Spiking}
}

@article{Wilson1972,
    title = {{Excitatory and Inhibitory Interactions in Localized Populations of Model Neurons}},
    year = {1972},
    journal = {Biophysical Journal},
    author = {Wilson, Hugh R. and Cowan, Jack D.},
    number = {1},
    pages = {1},
    volume = {12},
    publisher = {The Biophysical Society},
    url = {/pmc/articles/PMC1484078/?report=abstract https://www.ncbi.nlm.nih.gov/pmc/articles/PMC1484078/},
    doi = {10.1016/S0006-3495(72)86068-5},
    issn = {00063495},
    pmid = {4332108}
}

@article{Williams1992,
    title = {{Filters Versus Textons in Human and Machine Texture Discrimination}},
    year = {1992},
    journal = {Neural Networks for Perception},
    author = {Williams, Douglas and Julesz, Bela},
    month = {1},
    pages = {145--175},
    publisher = {Academic Press},
    doi = {10.1016/B978-0-12-741251-1.50014-X}
}

@article{Wang1996,
    title = {{Gamma oscillation by synaptic inhibition in a hippocampal interneuronal network model}},
    year = {1996},
    journal = {The Journal of neuroscience : the official journal of the Society for Neuroscience},
    author = {Wang, Xiao Jing and Buzs{\'{a}}ki, György},
    number = {20},
    month = {10},
    pages = {6402--6413},
    volume = {16},
    publisher = {J Neurosci},
    url = {https://pubmed.ncbi.nlm.nih.gov/8815919/},
    doi = {10.1523/JNEUROSCI.16-20-06402.1996},
    issn = {0270-6474},
    pmid = {8815919},
    keywords = {Animals, Computer*, G Buzs{\'{a}}ki, Hippocampus / physiology*, Interneurons / physiology*, MEDLINE, NCBI, NIH, NLM, National Center for Biotechnology Information, National Institutes of Health, National Library of Medicine, Neural Networks, Non-P.H.S., P.H.S., PMC6578902, Presynaptic Terminals / physiology*, PubMed Abstract, Research Support, Time Factors, U.S. Gov't, X J Wang, doi:10.1523/JNEUROSCI.16-20-06402.1996, pmid:8815919}
}

@article{Breakspear2010,
    title = {{Generative models of cortical oscillations: neurobiological implications of the kuramoto model}},
    year = {2010},
    journal = {Frontiers in human neuroscience},
    author = {Breakspear, Michael and Heitmann, Stewart and Daffertshofer, Andreas},
    volume = {4},
    publisher = {Front Hum Neurosci},
    url = {https://pubmed.ncbi.nlm.nih.gov/21151358/},
    doi = {10.3389/FNHUM.2010.00190},
    issn = {1662-5161},
    pmid = {21151358},
    keywords = {Andreas Daffertshofer, MEDLINE, Michael Breakspear, NCBI, NIH, NLM, National Center for Biotechnology Information, National Institutes of Health, National Library of Medicine, PMC2995481, PubMed Abstract, Stewart Heitmann, doi:10.3389/fnhum.2010.00190, pmid:21151358}
}

@incollection{ClarkBook2018:35.2,
    title = {{How Neurons Communicate}},
    year = {2018},
    booktitle = {Biology 2e},
    author = {Clark, Mary Ann and Douglas, Matthew and Choi, Jung},
    chapter = {35.2},
    month = {3},
    publisher = {OpenStax CNX},
    url = {https://cnx.org/contents/GFy_h8cu@9.87:cs_Pb-GW@5/How-Neurons-Communicate},
    isbn = {1-947172-52-2}
}

@article{Julesz1983,
    title = {{Human Factors and Behavioral Science: Textons, The Fundamental Elements in Preattentive Vision and Perception of Textures}},
    year = {1983},
    journal = {Bell System Technical Journal},
    author = {Julesz, B. and Bergen, J. R.},
    number = {6},
    pages = {1619--1645},
    volume = {62},
    doi = {10.1002/J.1538-7305.1983.TB03502.X},
    issn = {15387305}
}

@article{Pastore2018,
    title = {{Identification of excitatory-inhibitory links and network topology in large-scale neuronal assemblies from multi-electrode recordings}},
    year = {2018},
    journal = {PLOS Computational Biology},
    author = {Pastore, Vito Paolo and Massobrio, Paolo and Godjoski, Aleksandar and Martinoia, Sergio},
    number = {8},
    month = {8},
    pages = {e1006381},
    volume = {14},
    publisher = {Public Library of Science},
    url = {https://journals.plos.org/ploscompbiol/article?id=10.1371/journal.pcbi.1006381},
    isbn = {1111111111},
    doi = {10.1371/JOURNAL.PCBI.1006381},
    issn = {1553-7358},
    pmid = {30148879},
    keywords = {Action potentials, Algorithms, Distribution curves, Electrode recording, Electrophysiology, Network analysis, Neural networks, Neurons}
}

@article{Whittington2000,
    title = {{Inhibition-based rhythms: experimental and mathematical observations on network dynamics}},
    year = {2000},
    journal = {Int J Psychophysiol},
    author = {Whittington, M A and Traub, R D and Kopell, N and Ermentrout, B and Buhl, E H},
    number = {3},
    month = {12},
    pages = {315--336},
    volume = {38},
    url = {https://www.sciencedirect.com/science/article/pii/S0167876000001732?via%3Dihub},
    doi = {10.1016/s0167-8760(00)00173-2},
    pmid = {11102670}
}

@article{Lowet2015,
    title = {{Input-Dependent Frequency Modulation of Cortical Gamma Oscillations Shapes Spatial Synchronization and Enables Phase Coding}},
    year = {2015},
    journal = {PLoS Computational Biology},
    author = {Lowet, Eric and Roberts, Mark and Hadjipapas, Avgis and Peter, Alina and van der Eerden, Jan and De Weerd, Peter},
    number = {2},
    volume = {11},
    publisher = {Public Library of Science},
    url = {https://journals.plos.org/ploscompbiol/article?id=10.1371/journal.pcbi.1004072},
    doi = {10.1371/JOURNAL.PCBI.1004072},
    issn = {15537358},
    pmid = {25679780}
}

@article{Stettler2002,
    title = {{Lateral connectivity and contextual interactions in macaque primary visual cortex}},
    year = {2002},
    journal = {Neuron},
    author = {Stettler, Dan D. and Das, Aniruddha and Bennett, Jean and Gilbert, Charles D.},
    number = {4},
    month = {11},
    pages = {739--750},
    volume = {36},
    publisher = {Cell Press},
    url = {https://pubmed.ncbi.nlm.nih.gov/12441061/},
    doi = {10.1016/S0896-6273(02)01029-2},
    issn = {08966273},
    pmid = {12441061},
    keywords = {Adenoviridae / genetics, Adenoviridae / metabolism, Animals, Aniruddha Das, Axons / physiology, Axons / ultrastructure*, Brain Mapping, Charles D Gilbert, Computer-Assisted, Confocal, Dan D Stettler, Dominance, Feedback / physiology, Genetic Vectors, Green Fluorescent Proteins, Image Processing, Luminescent Proteins, MEDLINE, Macaca fascicularis, Macaca mulatta, Microscopy, NCBI, NIH, NLM, National Center for Biotechnology Information, National Institutes of Health, National Library of Medicine, Neural Pathways / cytology*, Neural Pathways / physiology, Ocular / physiology, P.H.S., Pattern Recognition, PubMed Abstract, Research Support, U.S. Gov't, Visual / physiology*, Visual Cortex / cytology*, Visual Cortex / physiology, Visual Fields / physiology, doi:10.1016/s0896-6273(02)01029-2, pmid:12441061}
}

@article{Frazor2006,
    title = {{Local luminance and contrast in natural images}},
    year = {2006},
    journal = {Vision research},
    author = {Frazor, Robert A. and Geisler, Wilson S.},
    number = {10},
    month = {5},
    pages = {1585--1598},
    volume = {46},
    publisher = {Vision Res},
    url = {https://pubmed.ncbi.nlm.nih.gov/16403546/},
    doi = {10.1016/J.VISRES.2005.06.038},
    issn = {0042-6989},
    pmid = {16403546},
    keywords = {Contrast Sensitivity / physiology*, Data Interpretation, Extramural, Eye Movements / physiology, Fixation, Humans, Lighting*, MEDLINE, N.I.H., NCBI, NIH, NLM, National Center for Biotechnology Information, National Institutes of Health, National Library of Medicine, Ocular / physiology, Pattern Recognition, Psychometrics, PubMed Abstract, Research Support, Robert A Frazor, Statistical, Visual / physiology*, Visual Fields / physiology, Wilson S Geisler, doi:10.1016/j.visres.2005.06.038, pmid:16403546}
}

@incollection{KandelBook2003:26,
    title = {{Low-Level Visual Processing: The Retina}},
    year = {2003},
    booktitle = {Principles of neural science},
    author = {Kandel, Eric R and Schwartz, James H and Jessell, Thomas M and Siegelbaum, Steven A and Hudspeth, A J},
    editor = {Kandel, Eric R and Schwartz, James H and Jessell, Thomas M and Siegelbaum, Steven A and Hudspeth, A J and Mack, Sarah},
    chapter = {26},
    edition = {5},
    pages = {577--602},
    publisher = {McGraw-Hill},
    isbn = {9780071810012}
}

@article{Tiesinga2010,
    title = {{Mechanisms for Phase Shifting in Cortical Networks and their Role in Communication through Coherence}},
    year = {2010},
    journal = {Frontiers in human neuroscience},
    author = {Tiesinga, Paul H. and Sejnowski, Terrence J.},
    volume = {4},
    publisher = {Front Hum Neurosci},
    url = {https://pubmed.ncbi.nlm.nih.gov/21103013/},
    doi = {10.3389/FNHUM.2010.00196},
    issn = {1662-5161},
    pmid = {21103013},
    keywords = {MEDLINE, NCBI, NIH, NLM, National Center for Biotechnology Information, National Institutes of Health, National Library of Medicine, PMC2987601, Paul H Tiesinga, PubMed Abstract, Terrence J Sejnowski, doi:10.3389/fnhum.2010.00196, pmid:21103013}
}

@article{Buzsaki2012,
    title = {{Mechanisms of gamma oscillations}},
    year = {2012},
    journal = {Annual review of neuroscience},
    author = {Buz{\'{s}}aki, Gÿorgy and Wang, Xiao Jing},
    month = {7},
    pages = {203--225},
    volume = {35},
    publisher = {Annu Rev Neurosci},
    url = {https://pubmed.ncbi.nlm.nih.gov/22443509/},
    doi = {10.1146/ANNUREV-NEURO-062111-150444},
    issn = {1545-4126},
    pmid = {22443509},
    keywords = {Action Potentials / physiology, Animals, Brain / physiology*, Brain Waves / physiology*, Extramural, Gy{\"{o}}rgy Buzs{\'{a}}ki, Humans, MEDLINE, Membrane Potentials / physiology, Models, N.I.H., NCBI, NIH, NLM, National Center for Biotechnology Information, National Institutes of Health, National Library of Medicine, Neural Inhibition / physiology*, Neural Pathways / physiology, Neurological, Non-U.S. Gov't, PMC4049541, PubMed Abstract, Research Support, Review, Xiao-Jing Wang, doi:10.1146/annurev-neuro-062111-150444, pmid:22443509}
}

@incollection{KandelBook2003:6,
    title = {{Membrane Potential and the Passive Electrical Properties of the Neuron}},
    year = {2003},
    booktitle = {Principles of neural science},
    author = {Kandel, Eric R and Schwartz, James H and Jessell, Thomas M and Siegelbaum, Steven A and Hudspeth, A J},
    editor = {Kandel, Eric R and Schwartz, James H and Jessell, Thomas M and Siegelbaum, Steven A and Hudspeth, A J and Mack, Sarah},
    chapter = {6},
    edition = {5},
    pages = {577--602},
    publisher = {McGraw-Hill},
    isbn = {9780071810012}
}

@article{Freeman2011,
    title = {{Metamers of the ventral stream}},
    year = {2011},
    journal = {Nature Neuroscience 2011 14:9},
    author = {Freeman, Jeremy and Simoncelli, Eero P.},
    number = {9},
    month = {8},
    pages = {1195--1201},
    volume = {14},
    publisher = {Nature Publishing Group},
    url = {https://www.nature.com/articles/nn.2889},
    doi = {10.1038/nn.2889},
    issn = {1546-1726},
    pmid = {21841776},
    keywords = {Neurological models, Somatosensory system}
}

@article{Gilbert1979,
    title = {{Morphology and intracortical projections of functionally characterised neurones in the cat visual cortex}},
    year = {1979},
    journal = {Nature 1979 280:5718},
    author = {Gilbert, Charles D. and Wiesel, Torsten N.},
    number = {5718},
    month = {7},
    pages = {120--125},
    volume = {280},
    publisher = {Nature Publishing Group},
    url = {https://www.nature.com/articles/280120a0},
    isbn = {00280836/79},
    doi = {10.1038/280120a0},
    issn = {1476-4687},
    pmid = {552600},
    keywords = {Humanities and Social Sciences, Science, multidisciplinary}
}

@inproceedings{Kopell2011,
    title = {{Neuronal assembly dynamics in the beta1 frequency range permits short-term memory}},
    year = {2011},
    booktitle = {Proceedings of the National Academy of Sciences of the United States of America},
    author = {Kopell, N. and Whittington, M. A. and Kramer, M. A.},
    number = {9},
    month = {3},
    pages = {3779--3784},
    volume = {108},
    publisher = {National Academy of Sciences},
    url = {/pmc/articles/PMC3048142/ /pmc/articles/PMC3048142/?report=abstract https://www.ncbi.nlm.nih.gov/pmc/articles/PMC3048142/},
    doi = {10.1073/PNAS.1019676108/-/DCSUPPLEMENTAL},
    issn = {00278424},
    pmid = {21321198},
    keywords = {Postinhibitory rebound, Synchrony}
}

@article{Julesz1984,
    title = {{On spatial-frequency channels}},
    year = {1984},
    journal = {Perception {\&} Psychophysics 1985 36:4},
    author = {Julesz, B. and Papathomas, T. V.},
    number = {4},
    month = {8},
    pages = {398--399},
    volume = {36},
    publisher = {Springer},
    url = {https://link.springer.com/article/10.3758/BF03202795},
    doi = {10.3758/BF03202795},
    issn = {1532-5962},
    pmid = {6522238},
    keywords = {Cognitive Psychology}
}

@article{Jensen2005,
    title = {{On the human sensorimotor-cortex beta rhythm: sources and modeling}},
    year = {2005},
    journal = {Neuroimage},
    author = {Jensen, O and Goel, P and Kopell, N and Pohja, M and Hari, R and Ermentrout, B},
    number = {2},
    month = {6},
    pages = {347--355},
    volume = {26},
    url = {https://www.sciencedirect.com/science/article/pii/S1053811905001060?via%3Dihub},
    doi = {10.1016/j.neuroimage.2005.02.008},
    pmid = {15907295}
}

@article{Nothdurft1985a,
    title = {{Orientation sensitivity and texture segmentation in patterns with different line orientation}},
    year = {1985},
    journal = {Vision research},
    author = {Nothdurft, H. C.},
    number = {4},
    pages = {551--560},
    volume = {25},
    publisher = {Vision Res},
    url = {https://pubmed.ncbi.nlm.nih.gov/4060607/},
    doi = {10.1016/0042-6989(85)90159-2},
    issn = {0042-6989},
    pmid = {4060607},
    keywords = {Adolescent, Adult, Form Perception / physiology*, H C Nothdurft, Humans, MEDLINE, NCBI, NIH, NLM, National Center for Biotechnology Information, National Institutes of Health, National Library of Medicine, Non-U.S. Gov't, Pattern Recognition, PubMed Abstract, Research Support, Retina / physiology, Sensory Thresholds / physiology, Visual / physiology*, doi:10.1016/0042-6989(85)90159-2, pmid:4060607}
}

@article{Livingstone1996,
    title = {{Oscillatory firing and interneuronal correlations in squirrel monkey striate cortex}},
    year = {1996},
    journal = {Journal of neurophysiology},
    author = {Livingstone, Margaret S.},
    number = {6},
    pages = {2467--2485},
    volume = {75},
    publisher = {J Neurophysiol},
    url = {https://pubmed.ncbi.nlm.nih.gov/8793757/},
    doi = {10.1152/JN.1996.75.6.2467},
    issn = {0022-3077},
    pmid = {8793757},
    keywords = {Anesthesia, Animals, Brain Mapping, Electrocardiography, Electrodes, Electroencephalography, Electrophysiology, Evoked Potentials / physiology, Interneurons / physiology*, M S Livingstone, MEDLINE, NCBI, NIH, NLM, National Center for Biotechnology Information, National Institutes of Health, National Library of Medicine, Non-U.S. Gov't, P.H.S., Photic Stimulation, PubMed Abstract, Research Support, Saimiri, Synaptic Transmission / physiology, U.S. Gov't, Visual Cortex / anatomy {\&} histology, Visual Cortex / physiology*, Visual Fields / physiology, Visual Perception / physiology*, doi:10.1152/jn.1996.75.6.2467, pmid:8793757}
}

@article{Bertrand2000,
    title = {{Oscillatory gamma activity in humans: A possible role for object representation}},
    year = {2000},
    journal = {International Journal of Psychophysiology},
    author = {Bertrand, Olivier and Tallon-Baudry, Catherine},
    number = {3},
    pages = {211--223},
    volume = {38},
    publisher = {Int J Psychophysiol},
    url = {https://pubmed.ncbi.nlm.nih.gov/11102663/},
    doi = {10.1016/S0167-8760(00)00166-5},
    issn = {01678760},
    pmid = {11102663},
    keywords = {40-Hz, EEG, Evoked potentials, Feature binding, Gamma oscillation, Object representation, Synchrony}
}

@article{Gray1989,
    title = {{Oscillatory responses in cat visual cortex exhibit inter-columnar synchronization which reflects global stimulus properties}},
    year = {1989},
    journal = {Nature},
    author = {Gray, Charles M. and K{\"{o}}nig, Peter and Engel, Andreas K. and Singer, Wolf},
    number = {6213},
    pages = {334--337},
    volume = {338},
    publisher = {Nature},
    url = {https://pubmed.ncbi.nlm.nih.gov/2922061/},
    doi = {10.1038/338334A0},
    issn = {0028-0836},
    pmid = {2922061},
    keywords = {Animals, C M Gray, Cats, MEDLINE, NCBI, NIH, NLM, National Center for Biotechnology Information, National Institutes of Health, National Library of Medicine, Orientation, P K{\"{o}}nig, Pattern Recognition, Photic Stimulation, PubMed Abstract, Visual, Visual Cortex / physiology*, Visual Perception*, W Singer, doi:10.1038/338334a0, pmid:2922061}
}

@article{Hadjipapas2015,
    title = {{Parametric variation of gamma frequency and power with luminance contrast: A comparative study of human MEG and monkey LFP and spike responses}},
    year = {2015},
    journal = {NeuroImage},
    author = {Hadjipapas, A. and Lowet, E. and Roberts, M. J. and Peter, A. and De Weerd, P.},
    month = {5},
    pages = {327--340},
    volume = {112},
    publisher = {Neuroimage},
    url = {https://pubmed.ncbi.nlm.nih.gov/25769280/},
    doi = {10.1016/J.NEUROIMAGE.2015.02.062},
    issn = {1095-9572},
    pmid = {25769280},
    keywords = {A Hadjipapas, Animals, Comparative Study, E Lowet, Electroencephalography, Evoked Potentials / physiology, Gamma Rhythm, Humans, MEDLINE, Macaca mulatta, Magnetoencephalography / methods*, Male, NCBI, NIH, NLM, National Center for Biotechnology Information, National Institutes of Health, National Library of Medicine, Non-U.S. Gov't, Normal Distribution, P De Weerd, Photic Stimulation, PubMed Abstract, Research Support, Visual Cortex / physiology, doi:10.1016/j.neuroimage.2015.02.062, pmid:25769280}
}

@incollection{KandelBook2003:7,
    title = {{Propagated Signaling: The Action Potential}},
    year = {2003},
    booktitle = {Principles of neural science},
    author = {Kandel, Eric R and Schwartz, James H and Jessell, Thomas M and Siegelbaum, Steven A and Hudspeth, A J},
    editor = {Kandel, Eric R and Schwartz, James H and Jessell, Thomas M and Siegelbaum, Steven A and Hudspeth, A J and Mack, Sarah},
    chapter = {7},
    edition = {5},
    pages = {148--177},
    publisher = {McGraw-Hill},
    isbn = {9780071810012}
}

@article{Tso1986a,
    title = {{Relationships between horizontal interactions and functional architecture in cat striate cortex as revealed by cross-correlation analysis}},
    year = {1986},
    journal = {The Journal of neuroscience : the official journal of the Society for Neuroscience},
    author = {Ts'o, D. Y. and Gilbert, C. D. and Wiesel, T. N.},
    number = {4},
    pages = {1160--1170},
    volume = {6},
    publisher = {J Neurosci},
    url = {https://pubmed.ncbi.nlm.nih.gov/3701413/},
    doi = {10.1523/JNEUROSCI.06-04-01160.1986},
    issn = {0270-6474},
    pmid = {3701413},
    keywords = {Animals, C D Gilbert, Cats, D Y Ts'o, Electrophysiological, Functional Laterality / physiology, MEDLINE, Microcomputers, Models, NCBI, NIH, NLM, National Center for Biotechnology Information, National Institutes of Health, National Library of Medicine, Neural Conduction, Neurological, Neurons / physiology, Neurophysiology, Non-P.H.S., Ocular Physiological Phenomena, P.H.S., PMC6568437, Photic Stimulation, PubMed Abstract, Refractory Period, Research Support, T N Wiesel, U.S. Gov't, Visual Cortex / anatomy {\&} histology, Visual Cortex / physiology*, Visual Pathways / anatomy {\&} histology, Visual Pathways / physiology*, doi:10.1523/JNEUROSCI.06-04-01160.1986, pmid:3701413}
}

@incollection{Crook2020:3,
    title = {{Reproducibility and Rigour in Computational Neuroscience}},
    year = {2020},
    author = {Crook, Sharon and Davison, Andrew P and McDougal, Robert Andrew and Plesser, Hans Ekkehard},
    editor = {Crook, Sharon and Davison, Andrew P and McDougal, Robert Andrew and Plesser, Hans Ekkehard},
    chapter = {3},
    series = {Frontiers Research Topics},
    publisher = {Frontiers Media SA},
    url = {https://www.frontiersin.org/research-topics/5964/reproducibility-and-rigour-in-computational-neuroscience},
    isbn = {9782889638383},
    doi = {10.3389/fninf.2020.00023},
    pmid = {32536859}
}

@article{Fries2015,
    title = {{Rhythms for Cognition: Communication through Coherence}},
    year = {2015},
    journal = {Neuron},
    author = {Fries, Pascal},
    number = {1},
    month = {10},
    pages = {220--235},
    volume = {88},
    publisher = {Neuron},
    url = {https://pubmed.ncbi.nlm.nih.gov/26447583/},
    doi = {10.1016/J.NEURON.2015.09.034},
    issn = {1097-4199},
    pmid = {26447583},
    keywords = {Brain / physiology*, Cognition / physiology*, Cortical Synchronization / physiology*, Electroencephalography, Extramural, Humans, MEDLINE, N.I.H., NCBI, NIH, NLM, National Center for Biotechnology Information, National Institutes of Health, National Library of Medicine, Neurons / physiology*, Non-U.S. Gov't, PMC4605134, Pascal Fries, PubMed Abstract, Research Support, Review, Synaptic Transmission / physiology*, Theta Rhythm / physiology*, doi:10.1016/j.neuron.2015.09.034, pmid:26447583}
}

@article{Roberts2013,
    title = {{Robust gamma coherence between macaque V1 and V2 by dynamic frequency matching}},
    year = {2013},
    journal = {Neuron},
    author = {Roberts, Mark J. and Lowet, Eric and Brunet, Nicolas M. and TerWal, Marije and Tiesinga, Paul and Fries, Pascal and DeWeerd, Peter},
    number = {3},
    month = {5},
    pages = {523--536},
    volume = {78},
    publisher = {Neuron},
    url = {https://pubmed.ncbi.nlm.nih.gov/23664617/},
    doi = {10.1016/J.NEURON.2013.03.003},
    issn = {1097-4199},
    pmid = {23664617},
    keywords = {Action Potentials / physiology, Animals, Contrast Sensitivity / physiology, Eric Lowet, Evoked Potentials, MEDLINE, Macaca mulatta, Male, Mark J Roberts, NCBI, NIH, NLM, National Center for Biotechnology Information, National Institutes of Health, National Library of Medicine, Neurons / physiology*, Non-U.S. Gov't, Peter De Weerd, Photic Stimulation, PubMed Abstract, Research Support, Visual / physiology*, Visual Cortex / physiology*, Visual Pathways / physiology*, Visual Perception / physiology*, doi:10.1016/j.neuron.2013.03.003, pmid:23664617}
}

@phdthesis{Rosebrock2005,
    title = {{Runaway Activity Generated by Mutual Excitation Among Neurons}},
    year = {2005},
    author = {Rosebrock, Daniel T.},
    month = {6},
    school = {Tufts University}
}

@article{Nothdurft1985b,
    title = {{Sensitivity for structure gradient in texture discrimination tasks}},
    year = {1985},
    journal = {Vision research},
    author = {Nothdurft, H. C.},
    number = {12},
    pages = {1957--1968},
    volume = {25},
    publisher = {Vision Res},
    url = {https://pubmed.ncbi.nlm.nih.gov/3832621/},
    doi = {10.1016/0042-6989(85)90020-3},
    issn = {0042-6989},
    pmid = {3832621},
    keywords = {Adult, Discrimination, Form Perception / physiology*, H C Nothdurft, Humans, Light, MEDLINE, NCBI, NIH, NLM, National Center for Biotechnology Information, National Institutes of Health, National Library of Medicine, Non-U.S. Gov't, Pattern Recognition, Photometry, Psychological / physiology*, PubMed Abstract, Research Support, Rotation, Sensory Thresholds / physiology, Visual / physiology*, doi:10.1016/0042-6989(85)90020-3, pmid:3832621}
}

@article{Izhikevich2003,
    title = {{Simple model of spiking neurons}},
    year = {2003},
    journal = {IEEE Transactions on Neural Networks},
    author = {Izhikevich, E M},
    number = {6},
    pages = {1569--1572},
    volume = {14},
    url = {https://ieeexplore.ieee.org/document/1257420},
    doi = {10.1109/TNN.2003.820440},
    pmid = {18244602}
}

@incollection{IzhikevichBook2004:10,
    title = {{Simple Models}},
    year = {2004},
    booktitle = {Dynamical Systems in Neuroscience: The Geometry of Excitability and Bursting},
    author = {Izhikevich, E M},
    chapter = {10},
    pages = {357--396},
    publisher = {MIT Press},
    url = {https://direct.mit.edu/books/book/2589/Dynamical-Systems-in-NeuroscienceThe-Geometry-of},
    isbn = {9780262276078},
    doi = {https://doi.org/10.7551/mitpress/2526.001.0001}
}

@article{Henriksson2008,
    title = {{Spatial frequency tuning in human retinotopic visual areas}},
    year = {2008},
    journal = {Journal of Vision},
    author = {Henriksson, Linda and Nurminen, Lauri and Hyv{\"{a}}rinen, Aapo and Vanni, Simo},
    number = {10},
    month = {8},
    volume = {8},
    url = {/record/2008-14759-002},
    doi = {10.1167/8.10.5},
    issn = {15347362},
    pmid = {19146347},
    keywords = {Eccentricity, Retinotopy, Spatial frequency, Spatial scale, Spatial summation, fMRI}
}

@article{Kreiter1996,
    title = {{Stimulus-dependent synchronization of neuronal responses in the visual cortex of the awake macaque monkey}},
    year = {1996},
    journal = {Journal of Neuroscience},
    author = {Kreiter, Andreas K. and Singer, Wolf},
    number = {7},
    month = {4},
    pages = {2381--2396},
    volume = {16},
    publisher = {Society for Neuroscience},
    url = {https://www.jneurosci.org/content/16/7/2381 https://www.jneurosci.org/content/16/7/2381.abstract},
    doi = {10.1523/JNEUROSCI.16-07-02381.1996},
    issn = {0270-6474},
    pmid = {8601818},
    keywords = {V5, area MT, binding problem, cross-correlation, extrastriate cortex, neural assembly, synchronization, temporal coding}
}

@incollection{IzhikevichBook2004:9,
    title = {{Synchronization}},
    year = {2004},
    booktitle = {Dynamical Systems in Neuroscience: The Geometry of Excitability and Bursting},
    author = {Izhikevich, E M},
    pages = {301--350},
    publisher = {MIT Press},
    url = {https://direct.mit.edu/books/book/2589/Dynamical-Systems-in-NeuroscienceThe-Geometry-of},
    isbn = {9780262276078},
    doi = {https://doi.org/10.7551/mitpress/2526.001.0001}
}

@article{Borgers2003,
    title = {{Synchronization in networks of excitatory and inhibitory neurons with sparse, random connectivity}},
    year = {2003},
    journal = {Neural Comput},
    author = {B{\"{o}}rgers, C and Kopell, N},
    number = {3},
    month = {3},
    pages = {509--538},
    volume = {15},
    url = {https://direct.mit.edu/neco/article-abstract/15/3/509/6713/Synchronization-in-Networks-of-Excitatory-and?redirectedFrom=fulltext},
    doi = {10.1162/089976603321192059}
}

@article{Fries1997,
    title = {{Synchronization of oscillatory responses in visual cortex correlates with perception in interocular rivalry}},
    year = {1997},
    journal = {Proceedings of the National Academy of Sciences of the United States of America},
    author = {Fries, Pascal and Roelfsema, Pieter R. and Engel, Andreas K. and K{\"{o}}nig, Peter and Singer, Wolf},
    number = {23},
    month = {11},
    pages = {12699--12704},
    volume = {94},
    publisher = {Proc Natl Acad Sci U S A},
    url = {https://pubmed.ncbi.nlm.nih.gov/9356513/},
    doi = {10.1073/PNAS.94.23.12699},
    issn = {0027-8424},
    pmid = {9356513},
    keywords = {Animals, Cats, MEDLINE, NCBI, NIH, NLM, National Center for Biotechnology Information, National Institutes of Health, National Library of Medicine, Non-U.S. Gov't, P Fries, P R Roelfsema, PMC25091, PubMed Abstract, Research Support, Visual Cortex / physiology*, Visual Perception / physiology*, W Singer, doi:10.1073/pnas.94.23.12699, pmid:9356513}
}

@article{Pikovsky2002,
    title = {{Synchronization: A Universal Concept in Nonlinear Science}},
    year = {2002},
    journal = {American Journal of Physics},
    author = {Pikovsky, Arkady and Rosenblum, Michael and Kurths, Jürgen and Hilborn, Robert C.},
    number = {6},
    month = {5},
    pages = {655},
    volume = {70},
    publisher = {American Association of Physics TeachersAAPT},
    url = {https://aapt.scitation.org/doi/abs/10.1119/1.1475332},
    isbn = {0521592852},
    doi = {10.1119/1.1475332},
    issn = {0002-9505},
    keywords = {0.1, 05.45, reviews, synchronisation, teaching}
}

@article{Motoyoshi1999,
    title = {{Texture filling-in and texture segregation revealed by transient masking}},
    year = {1999},
    journal = {Vision Research},
    author = {Motoyoshi, Isamu},
    number = {7},
    month = {4},
    pages = {1285--1291},
    volume = {39},
    publisher = {Pergamon},
    doi = {10.1016/S0042-6989(98)00248-X},
    issn = {0042-6989},
    pmid = {10343842},
    keywords = {Filling-in, Masking, Pop-out, Surface, Texture}
}

@article{Nothdurft1991b,
    title = {{Texture segmentation and pop-out from orientation contrast}},
    year = {1991},
    journal = {Vision Research},
    author = {Nothdurft, H. C.},
    number = {6},
    month = {1},
    pages = {1073--1078},
    volume = {31},
    publisher = {Pergamon},
    doi = {10.1016/0042-6989(91)90211-M},
    issn = {0042-6989},
    pmid = {1858322}
}

@article{Landy1991,
    title = {{Texture segregation and orientation gradient}},
    year = {1991},
    journal = {Vision Research},
    author = {Landy, Michael S. and Bergen, James R.},
    number = {4},
    month = {1},
    pages = {679--691},
    volume = {31},
    publisher = {Pergamon},
    doi = {10.1016/0042-6989(91)90009-T},
    issn = {0042-6989},
    pmid = {1843770},
    keywords = {Spatial filtering, Texture, Texture gradient}
}

@article{DeWeerd1992,
    title = {{Texture segregation in the cat: A parametric study}},
    year = {1992},
    journal = {Vision Research},
    author = {De Weerd, Peter and Vandenbussche, Erik and Orban, Guy A.},
    number = {2},
    month = {2},
    pages = {305--322},
    volume = {32},
    publisher = {Pergamon},
    doi = {10.1016/0042-6989(92)90141-5},
    issn = {0042-6989},
    pmid = {1574847},
    keywords = {Cat, Figure/background reversal, Texture segregation, Threshold}
}

@incollection{KandelBook2003:25,
    title = {{The Constructive Nature of Visual Processing}},
    year = {2003},
    booktitle = {Principles of neural science},
    author = {Kandel, Eric R. and Schwartz, James H. and Jessell, Thomas M. and Siegelbaum, Steven A. and Hudspeth, A. J.},
    editor = {Kandel, Eric R. and Schwartz, James H. and Jessell, Thomas M. and Siegelbaum, Steven A. and Hudspeth, A. J. and Mack, Sarah},
    chapter = {25},
    edition = {5},
    pages = {556--577},
    publisher = {McGraw-Hill},
    isbn = {9780071810012}
}

@article{Fries2007,
    title = {{The gamma cycle}},
    year = {2007},
    journal = {Trends in Neurosciences},
    author = {Fries, Pascal and Nikoli{\'{c}}, Danko and Singer, Wolf},
    number = {7},
    month = {7},
    pages = {309--316},
    volume = {30},
    publisher = {Elsevier Current Trends},
    doi = {10.1016/J.TINS.2007.05.005},
    issn = {0166-2236},
    pmid = {17555828}
}

@article{Lamme1995,
    title = {{The neurophysiology of figure-ground segregation in primary visual cortex}},
    year = {1995},
    journal = {Journal of Neuroscience},
    author = {Lamme, Victor A.F.},
    number = {2},
    month = {2},
    pages = {1605--1615},
    volume = {15},
    publisher = {Society for Neuroscience},
    url = {https://www.jneurosci.org/content/15/2/1605 https://www.jneurosci.org/content/15/2/1605.abstract},
    doi = {10.1523/JNEUROSCI.15-02-01605.1995},
    issn = {0270-6474},
    pmid = {7869121},
    keywords = {awake macaque monkey, context modulation, figure-ground segregation, motion, primary visual cortex, single-unit activity, texture, visual perception}
}

@article{Gray1999,
    title = {{The temporal correlation hypothesis of visual feature integration: still alive and well}},
    year = {1999},
    journal = {Neuron},
    author = {Gray, C. M.},
    number = {1},
    pages = {31--47},
    volume = {24},
    publisher = {Neuron},
    url = {https://pubmed.ncbi.nlm.nih.gov/10677025/},
    doi = {10.1016/S0896-6273(00)80820-X},
    issn = {0896-6273},
    pmid = {10677025},
    keywords = {Attention / physiology, Biological*, C M Gray, Humans, MEDLINE, Models, NCBI, NIH, NLM, National Center for Biotechnology Information, National Institutes of Health, National Library of Medicine, Neurons / physiology, P.H.S., PubMed Abstract, Research Support, Review, Signal Transduction, Time Factors, U.S. Gov't, Visual Perception / physiology*, doi:10.1016/s0896-6273(00)80820-x, pmid:10677025}
}

@article{Polimeni2005,
    title = {{Two-dimensional mathematical structure of the human visuotopic map complex in V1, V2, and V3 measured via fMRI at 3 and 7 Tesla}},
    year = {2005},
    journal = {Journal of Vision},
    author = {Polimeni, Jonathan R. and Hinds, Oliver P. and Balasubramanian, Mukund and Kouwe, Andre J. W. van der and Wald, Lawrence L. and Dale, Anders M. and Fischl, Bruce and Schwartz, Eric L.},
    number = {8},
    month = {9},
    pages = {898--898},
    volume = {5},
    publisher = {The Association for Research in Vision and Ophthalmology},
    doi = {10.1167/5.8.898},
    issn = {1534-7362}
}

@article{Brunet2015,
    title = {{Visual cortical gamma-band activity during free viewing of natural images}},
    year = {2015},
    journal = {Cerebral cortex (New York, N.Y. : 1991)},
    author = {Brunet, Nicolas and Bosman, Conrado A. and Roberts, Mark and Oostenveld, Robert and Womelsdorf, Thilo and De Weerd, Peter and Fries, Pascal},
    number = {4},
    month = {4},
    pages = {918--926},
    volume = {25},
    publisher = {Cereb Cortex},
    url = {https://pubmed.ncbi.nlm.nih.gov/24108806/},
    doi = {10.1093/CERCOR/BHT280},
    issn = {1460-2199},
    pmid = {24108806},
    keywords = {Animals, Conrado A Bosman, Electrocorticography, Electrodes, Gamma Rhythm*, Implanted, MEDLINE, Macaca, Male, NCBI, NIH, NLM, National Center for Biotechnology Information, National Institutes of Health, National Library of Medicine, Nicolas Brunet, Non-U.S. Gov't, PMC4379996, Pascal Fries, Photic Stimulation, PubMed Abstract, Research Support, Saccades / physiology, Visual Cortex / physiology*, Visual Perception / physiology*, doi:10.1093/cercor/bht280, pmid:24108806}
}

@article{Singer1995a,
    title = {{Visual feature integration and the temporal correlation hypothesis}},
    year = {1995},
    journal = {Annual review of neuroscience},
    author = {Singer, Wolf and Gray, Charles M.},
    pages = {555--586},
    volume = {18},
    publisher = {Annu Rev Neurosci},
    url = {https://pubmed.ncbi.nlm.nih.gov/7605074/},
    doi = {10.1146/ANNUREV.NE.18.030195.003011},
    issn = {0147-006X},
    pmid = {7605074},
    keywords = {Animals, C M Gray, Comparative Study, Cortical Synchronization, MEDLINE, Models, NCBI, NIH, NLM, National Center for Biotechnology Information, National Institutes of Health, National Library of Medicine, Neurological, Non-P.H.S., Non-U.S. Gov't, P.H.S., Pattern Recognition, Photic Stimulation, PubMed Abstract, Reaction Time, Research Support, Review, Time Factors, U.S. Gov't, Visual / physiology*, W Singer, doi:10.1146/annurev.ne.18.030195.003011, pmid:7605074}
}